% Encoding: ISO-8859-1


@Article{Archie1942,
  author  = {Archie, G.E.},
  title   = {{The Electrical Resistivity Log as an Aid in Determining Some Reservoir Characteristics}},
  journal = {Transactions of the AIME},
  year    = {1942},
  volume  = {146},
  pages   = {54--62},
  month   = dec,
  issn    = {0081-1696},
  doi     = {10.2118/942054-G},
}

@Article{Ruecker2017,
  author    = {Carsten R\"ucker and Thomas G\"unther and Florian M. Wagner},
  title     = {{pyGIMLi: A}n open-source library for modelling and inversion in geophysics},
  journal   = {Computers {\&} Geosciences},
  year      = {2017},
  volume    = {109},
  pages     = {106--123},
  doi       = {10.1016/j.cageo.2017.07.011},
  owner     = {fwagner},
  timestamp = {2018.09.22},
}

@Comment{jabref-meta: databaseType:bibtex;}
